<?xml version="1.0" encoding="UTF-8"?><collection xmlns="http://www.loc.gov/MARC21/slim"><record><leader>00345nam--2200133-i-4500</leader><controlfield tag="001">000016708</controlfield><controlfield tag="002">20161230</controlfield><controlfield tag="005">20161230201031</controlfield><controlfield tag="008">060222s1000------------r-----000-0-eng-d</controlfield><datafield ind1=" " ind2=" " tag="100"><subfield code="a">El Naschie, M.S</subfield></datafield><datafield ind1=" " ind2=" " tag="260"><subfield code="a">Chaos Applied To Fluid Mixing</subfield></datafield><datafield ind1=" " ind2=" " tag="490"><subfield code="a">New York, Elsevier Science, Inc., 1995. Vi + 3 80 P</subfield></datafield><datafield ind1=" " ind2=" " tag="700"><subfield code="a">Aref, H</subfield></datafield><datafield ind1=" " ind2=" " tag="852"><subfield code="a">532.529.2</subfield></datafield></record></collection>